%! Author = samuel
%! Date = 21/9/22
